<record><leader>00000cas a2200000 a 4500</leader><controlfield tag="001">13247047</controlfield><controlfield tag="008">860306c19669999ncudn ne      0   a0eng c</controlfield><datafield ind1=" " ind2=" " tag="010"><subfield code="a">sn 90002137 </subfield></datafield><datafield ind1=" " ind2=" " tag="040"><subfield code="a">NCS</subfield><subfield code="b">eng</subfield><subfield code="c">NCS</subfield><subfield code="d">NSD</subfield><subfield code="d">NVJ</subfield><subfield code="d">OCLCQ</subfield></datafield><datafield ind1=" " ind2=" " tag="012"><subfield code="m">1</subfield></datafield><datafield ind1="1" ind2=" " tag="022"><subfield code="a">1050-7639</subfield><subfield code="l">1050-7639</subfield><subfield code="2">1</subfield></datafield><datafield ind1=" " ind2=" " tag="032"><subfield code="a">465520</subfield><subfield code="b">USPS</subfield></datafield><datafield ind1=" " ind2=" " tag="037"><subfield code="b">Richmond Journal Co., POB 1888, Rockingham, NC 28379</subfield></datafield><datafield ind1=" " ind2=" " tag="042"><subfield code="a">nsdp</subfield><subfield code="a">pcc</subfield></datafield><datafield ind1=" " ind2="0" tag="222"><subfield code="a">Richmond County daily journal</subfield></datafield><datafield ind1="0" ind2="0" tag="245"><subfield code="a">Richmond County daily journal.</subfield></datafield><datafield ind1="1" ind2="0" tag="246"><subfield code="a">Sunday Richmond County daily journal</subfield></datafield><datafield ind1=" " ind2=" " tag="260"><subfield code="a">Rockingham, N.C. :</subfield><subfield code="b">Mrs. J. Neal Cadieu,</subfield></datafield><datafield ind1=" " ind2=" " tag="300"><subfield code="a">v. :</subfield><subfield code="b">ill. ;</subfield><subfield code="c">58 cm.</subfield></datafield><datafield ind1=" " ind2=" " tag="310"><subfield code="a">Daily (except Saturday &amp; Christmas), Feb. 26, 1990-</subfield></datafield><datafield ind1=" " ind2=" " tag="321"><subfield code="a">Daily (except Saturday &amp; Sunday), July 21, 1966-Feb. 23, 1990</subfield></datafield><datafield ind1="0" ind2=" " tag="362"><subfield code="a">Vol. 34, no. 226 (July 21, 1966)-</subfield></datafield><datafield ind1=" " ind2=" " tag="500"><subfield code="a">On Sundays published as: Sunday Richmond County daily journal, May 6, 1990-Nov. 13, 1994.</subfield></datafield><datafield ind1=" " ind2=" " tag="500"><subfield code="a">Independent.</subfield></datafield><datafield ind1=" " ind2=" " tag="752"><subfield code="a">United States</subfield><subfield code="b">North Carolina</subfield><subfield code="c">Richmond</subfield><subfield code="d">Rockingham.</subfield></datafield><datafield ind1="0" ind2="0" tag="780"><subfield code="t">Richmond County journal</subfield><subfield code="w">(DLC)sn 95072306</subfield></datafield><datafield ind1=" " ind2=" " tag="936"><subfield code="a">Vol. 59, no. 163 (Apr. 16, 1990) LIC</subfield></datafield></record>